<?xml version="1.0" encoding="UTF-8"?><collection xmlns="http://www.loc.gov/MARC21/slim"><record><leader>00651nam--2200193-i-4500</leader><controlfield tag="001">000048151</controlfield><controlfield tag="002">20161230</controlfield><controlfield tag="005">20170103182114</controlfield><controlfield tag="008">060222s1000------------r-----000-0-ger-d</controlfield><datafield ind1=" " ind2=" " tag="040"><subfield code="a">IFIN-HH</subfield></datafield><datafield ind1=" " ind2=" " tag="041"><subfield code="a">ger</subfield></datafield><datafield ind1=" " ind2=" " tag="080"><subfield code="a">681.846</subfield></datafield><datafield ind1="1" ind2=" " tag="100"><subfield code="a">Heckenast, G©Łbor</subfield></datafield><datafield ind1="1" ind2="0" tag="245"><subfield code="a">Proceedings of the Conference on Signal Recording on Moving Magnetic Media; Berichte der Konferenz uber die Signal-speicherung auf bewegten magnetischen Medien, Budapest, 15 - 18 Oktober 1962</subfield><subfield code="c">Gabor Heckenast (ed.)</subfield></datafield><datafield ind1=" " ind2=" " tag="260"><subfield code="a">Budapest</subfield><subfield code="b">Akad©♭miai Kiad©đ</subfield><subfield code="c">1964</subfield></datafield><datafield ind1=" " ind2=" " tag="300"><subfield code="a">470 p</subfield></datafield><datafield ind1=" " ind2=" " tag="490"><subfield code="a">Proceedings</subfield></datafield><datafield ind1=" " ind2=" " tag="852"><subfield code="a">20697</subfield><subfield code="c">537:538</subfield></datafield><datafield ind1=" " ind2=" " tag="CAT"><subfield code="a">SYS</subfield><subfield code="c">20170103</subfield><subfield code="h">182114</subfield></datafield></record></collection>